<record><leader>00000cas a22000007a 4500</leader><controlfield tag="001">32045201</controlfield><controlfield tag="008">950224d19811989ncuwr ne      0    0eng d</controlfield><datafield ind1=" " ind2=" " tag="010"><subfield code="a">sn 95072303 </subfield></datafield><datafield ind1=" " ind2=" " tag="040"><subfield code="a">NVJ</subfield><subfield code="b">eng</subfield><subfield code="c">NVJ</subfield><subfield code="d">OCLCQ</subfield></datafield><datafield ind1=" " ind2=" " tag="042"><subfield code="a">msc</subfield></datafield><datafield ind1="0" ind2=" " tag="130"><subfield code="a">News messenger (Hamlet, N.C. : 1981)</subfield></datafield><datafield ind1="1" ind2="4" tag="245"><subfield code="a">The news messenger.</subfield></datafield><datafield ind1=" " ind2=" " tag="260"><subfield code="a">Hamlet, N.C. :</subfield><subfield code="b">J. Neal Cadieu, Jr.</subfield></datafield><datafield ind1=" " ind2=" " tag="300"><subfield code="a">v.</subfield></datafield><datafield ind1=" " ind2=" " tag="310"><subfield code="a">Weekly</subfield></datafield><datafield ind1="0" ind2=" " tag="362"><subfield code="a">74th year, no. 10 (Dec. 3, 1981)-81st year, no. 37 (June 22, 1989).</subfield></datafield><datafield ind1=" " ind2=" " tag="752"><subfield code="a">United States</subfield><subfield code="b">North Carolina</subfield><subfield code="c">Richmond</subfield><subfield code="d">Hamlet.</subfield></datafield><datafield ind1="0" ind2="0" tag="780"><subfield code="t">News of Richmond County this week</subfield><subfield code="w">(DLC)sn 95072302</subfield></datafield><datafield ind1="0" ind2="0" tag="785"><subfield code="t">Hamlet news-messenger</subfield><subfield code="w">(DLC)sn 95072304</subfield></datafield></record>